% This file was created with JabRef 2.9.2.
% Encoding: Cp1252

@STRING{Edition = {}}

@BOOK{Sedgewick2011,
  title = {Algorithms},
  publisher = {Addison-Wesley},
  year = {2011},
  author = {Robert Sedgewick and Kevin Wayne},
  edition = {4th}
}

